<?xml version="1.0" encoding="UTF-8"?><record xmlns="http://www.loc.gov/MARC21/slim" xmlns:cinclude="http://apache.org/cocoon/include/1.0" xmlns:zs="http://www.loc.gov/zing/srw/">
  <leader>00654cz  a2200133n  4500</leader>
  <controlfield tag="001">n  89645788 </controlfield>
  <controlfield tag="003">DLC</controlfield>
  <controlfield tag="005">20141210091510.0</controlfield>
  <controlfield tag="008">890815n| azannaab           |a and      </controlfield>
  <datafield tag="010" ind1=" " ind2=" ">
    <subfield code="a">n  89645788 </subfield>
  </datafield>
  <datafield tag="040" ind1=" " ind2=" ">
    <subfield code="a">DLC</subfield>
    <subfield code="b">eng</subfield>
    <subfield code="e">rda</subfield>
    <subfield code="c">DLC</subfield>
    <subfield code="d">DLC</subfield>
  </datafield>
  <datafield tag="110" ind1="2" ind2=" ">
    <subfield code="a">State Library of Iowa.</subfield>
    <subfield code="b">Continuing Education/Certification Advisory Committee</subfield>
  </datafield>
  <datafield tag="510" ind1="2" ind2=" ">
    <subfield code="w">r</subfield>
    <subfield code="i">Hierarchical superior:</subfield>
    <subfield code="a">State Library of Iowa</subfield>
  </datafield>
  <datafield tag="670" ind1=" " ind2=" ">
    <subfield code="a">nuc89-76371: Its Iowa certification manual for public librarians, 1985</subfield>
    <subfield code="b">(hdg. on IaU rept.: State Library of Iowa. Continuing Education/Certification Advisory Committee; usage: Continuing Education/Certification Advisory Committee of the State Library of Iowa)</subfield>
  </datafield>
</record>